<record><leader>00000cas a2200000 a 4500</leader><controlfield tag="001">11177159</controlfield><controlfield tag="008">840920d18541864inuwr ne      0    0eng c</controlfield><datafield ind1=" " ind2=" " tag="010"><subfield code="a">sn 84038023 </subfield></datafield><datafield ind1=" " ind2=" " tag="040"><subfield code="a">NPX</subfield><subfield code="b">eng</subfield><subfield code="c">NPX</subfield><subfield code="d">NPI</subfield><subfield code="d">KNP</subfield><subfield code="d">NPI</subfield><subfield code="d">OCL</subfield><subfield code="d">OCLCF</subfield><subfield code="d">OCLCO</subfield><subfield code="d">IUL</subfield><subfield code="d">OCL</subfield></datafield><datafield ind1=" " ind2=" " tag="042"><subfield code="a">pcc</subfield></datafield><datafield ind1=" " ind2=" " tag="043"><subfield code="a">n-us-in</subfield></datafield><datafield ind1="0" ind2="0" tag="245"><subfield code="a">Indiana weekly visitor.</subfield></datafield><datafield ind1=" " ind2=" " tag="260"><subfield code="a">Rising Sun, Ind. :</subfield><subfield code="b">Frank Gregory &amp; Co.,</subfield><subfield code="c">1854-1864.</subfield></datafield><datafield ind1=" " ind2=" " tag="300"><subfield code="a">11 v. :</subfield><subfield code="b">ill. (chiefly advertisements) ;</subfield><subfield code="c">62 cm.</subfield></datafield><datafield ind1=" " ind2=" " tag="310"><subfield code="a">Weekly</subfield></datafield><datafield ind1="0" ind2=" " tag="362"><subfield code="a">Vol. 1, no. 1 (May 6, 1854)-   ; New Series, no. 1 (Apr. 17, 1862)-no. 96 (Feb. 13, 1864).</subfield></datafield><datafield ind1=" " ind2=" " tag="500"><subfield code="a">Subtitle: Vol. 1, "A family paper--devoted to politics, foreign and domestic news, the arts, agriculture, temperance, commerce, markets, and interesting miscellany;"  Vols. 2-3, "A family newspaper--devoted to home interests--independent on all subjects."</subfield></datafield><datafield ind1=" " ind2=" " tag="500"><subfield code="a">Editor: William H. Gregory, &lt;1858&gt;.</subfield></datafield><datafield ind1=" " ind2=" " tag="500"><subfield code="a">Publishers: May 1854-Sept. 1859, Wm. H. Gregory; Oct. 1859-Dec. 1859, J.J. Hayden &amp; J.P. Lemmon; Dec. 1859-Jan. 1860, John. J. Hayden; &lt;Feb. 1860-May 1860&gt;, John Rabb &amp; J.P. Lemmon; &lt;Nov. 1860&gt;, John Rabb; Apr. 1862-Feb. 1864, Frank Gregory &amp; Co.</subfield></datafield><datafield ind1=" " ind2=" " tag="500"><subfield code="a">"Anti-Lecompton ticket," &lt;1858&gt;.</subfield></datafield><datafield ind1=" " ind2="0" tag="651"><subfield code="a">Rising Sun (Ind.)</subfield><subfield code="v">Newspapers.</subfield></datafield><datafield ind1=" " ind2="0" tag="651"><subfield code="a">Ohio County (Ind.)</subfield><subfield code="v">Newspapers.</subfield></datafield><datafield ind1=" " ind2="7" tag="651"><subfield code="a">Indiana</subfield><subfield code="z">Ohio County.</subfield><subfield code="2">fast</subfield><subfield code="0">(OCoLC)fst01215239</subfield></datafield><datafield ind1=" " ind2="7" tag="651"><subfield code="a">Indiana</subfield><subfield code="z">Rising Sun.</subfield><subfield code="2">fast</subfield><subfield code="0">(OCoLC)fst01257705</subfield></datafield><datafield ind1=" " ind2="7" tag="655"><subfield code="a">Newspapers.</subfield><subfield code="2">fast</subfield><subfield code="0">(OCoLC)fst01423814</subfield></datafield><datafield ind1=" " ind2=" " tag="752"><subfield code="a">United States</subfield><subfield code="b">Indiana</subfield><subfield code="c">Ohio</subfield><subfield code="d">Rising Sun.</subfield></datafield><datafield ind1="0" ind2="0" tag="785"><subfield code="t">Hoosier paper</subfield><subfield code="w">(DLC)sn 85047697</subfield><subfield code="w">(OCoLC)11743172</subfield></datafield><datafield ind1="4" ind2="1" tag="856"><subfield code="u">https://access.newspaperarchive.com/us/indiana/rising-sun/rising-sun-indiana-weekly-visitor/</subfield></datafield></record>